@article{rf:Demello06,
  title={Control and detection of chemical reactions in microfluidic systems.},
  author={Demello, AJ},
  journal={Nature},
  volume={442},
  number={7101},
  pages={394--402},
  year={2006}
}
  @article{rf:Whitesides06,
  title={The origins and the future of microfluidics},
  author={Whitesides, GM},
  journal={Nature},
  volume={442},
  number={7101},
  pages={368},
  year={2006},
  publisher={Nature Publishing Group}
}

@article{rf:Khoshmanesh15,
  title={A multi-functional bubble-based microfluidic system},
  author={Khoshmanesh, K and Almansouri, A and Albloushi, H and Yi, P and Soffe, R and Kalantar-Zadeh, K},
  journal={Scientific reports},
  volume={5},
  pages={9942},
  year={2015},
  publisher={Nature Publishing Group}
}
@article{rf:Lee11IJMS,
  title={Microfluidic mixing: a review},
  author={Lee, CY and Chang, CL and Wang, YN and Fu, LM},
  journal={International journal of molecular sciences},
  volume={12},
  number={5},
  pages={3263--3287},
  year={2011},
  publisher={Molecular Diversity Preservation International}
}

@article{rf:Hessel05,
  title={Micromixersâ€”a review on passive and active mixing principles},
  author={Hessel, V and L{\"o}we, H and Sch{\"o}nfeld, F},
  journal={Chemical Engineering Science},
  volume={60},
  number={8-9},
  pages={2479--2501},
  year={2005},
  publisher={Elsevier}
}

@article{rf:Shields15,
  title={Microfluidic cell sorting: a review of the advances in the separation of cells from debulking to rare cell isolation},
  author={Shields IV, CW and Reyes, CD and L{\'o}pez, GP},
  journal={Lab on a Chip},
  volume={15},
  number={5},
  pages={1230--1249},
  year={2015},
  publisher={Royal Society of Chemistry}
}

@article{rf:Weigl99,
  title={Microfluidic diffusion-based separation and detection},
  author={Weigl, BH and Yager, P},
  journal={Science},
  volume={283},
  number={5400},
  pages={346--347},
  year={1999},
  publisher={American Association for the Advancement of Science}
}

@article{rf:Xue12,
  title={Analysis of fluid separation in microfluidic T-channels},
  author={Xue, X and Patel, MK and Kersaudy-Kerhoas, M and Desmulliez, MPY and Bailey, C and Topham, D},
  journal={Applied Mathematical Modelling},
  volume={36},
  number={2},
  pages={743--755},
  year={2012},
  publisher={Elsevier}
}

@article{rf:Huh05,
  title={Microfluidics for flow cytometric analysis of cells and particles},
  author={Huh, D and Gu, W and Kamotani, Y and Grotberg, JB and Takayama, S},
  journal={Physiological measurement},
  volume={26},
  number={3},
  pages={R73},
  year={2005},
  publisher={IOP Publishing}
}

@misc{rf:Weigl02,
  title={Microfluidic analysis cartridge},
  author={Weigl, BH and Klein, GL and Bardell, RL and Williams, CL and Schulte, TH},
  year={2002},
  month=dec # "~3",
  publisher={Google Patents},
  note={US Patent 6,488,896}
}

@book{rf:Kirby10,
  title={Micro-and nanoscale fluid mechanics: transport in microfluidic devices},
  author={Kirby, BJ},
  year={2010},
  publisher={Cambridge university press}
}

@article{rf:Helmke06,
  title={Designing a nano-interface in a microfluidic chip to probe living cells: challenges and perspectives},
  author={Helmke, BP and Minerick, AR},
  journal={Proceedings of the National Academy of Sciences},
  volume={103},
  number={17},
  pages={6419--6424},
  year={2006},
  publisher={National Acad Sciences}
}

@incollection{rf:Holmes10,
  title={The application of microfluidics in biology},
  author={Holmes, David and Gawad, Shady},
  booktitle={Microengineering in biotechnology},
  pages={55--80},
  year={2010},
  publisher={Springer}
}

@article{rf:Beebe02,
  title={Physics and applications of microfluidics in biology},
  author={Beebe, DJ and Mensing, GA and Walker, GM},
  journal={Annual review of biomedical engineering},
  volume={4},
  number={1},
  pages={261--286},
  year={2002},
  publisher={Annual Reviews 4139 El Camino Way, PO Box 10139, Palo Alto, CA 94303-0139, USA}
}

@article{rf:Yager06,
  title={Microfluidic diagnostic technologies for global public health},
  author={Yager, P and Edwards, T and Fu, E and Helton, K and Nelson, K and Tam, MR and Weigl, BH},
  journal={Nature},
  volume={442},
  number={7101},
  pages={412},
  year={2006},
  publisher={Nature Publishing Group}
}

@article{rf:Lien10,
  title={Miniaturization of molecular biological techniques for gene assay},
  author={Lien, KY and Lee, GB},
  journal={Analyst},
  volume={135},
  number={7},
  pages={1499--1518},
  year={2010},
  publisher={Royal Society of Chemistry}
}

@article{rf:Pawell15,
  title={Automating microfluidic part verification},
  author={Pawell, RS and Taylor, RA and Morris, KV and Barber, TJ},
  journal={Microfluidics and Nanofluidics},
  volume={18},
  number={4},
  pages={657--665},
  year={2015},
  publisher={Springer}
}

@article{rf:Ohno08,
 title={Microfluidics: applications for analytical purposes in chemistry and biochemistry},
  author={Ohno, K and Tachikawa, K and Manz, A},
  journal={Electrophoresis},
  volume={29},
  number={22},
  pages={4443--4453},
  year={2008},
  publisher={Wiley Online Library}
}

@article{rf:Theberge10,
  title={Microdroplets in microfluidics: an evolving platform for discoveries in chemistry and biology},
  author={Theberge, AB and Courtois, F and Schaerli, Y and Fischlechner, M and Abell, C and Hollfelder, F and Huck, WTS},
  journal={Angewandte Chemie International Edition},
  volume={49},
  number={34},
  pages={5846--5868},
  year={2010},
  publisher={Wiley Online Library}
}

@article{rf:Khandurina00,
  title={Integrated system for rapid PCR-based DNA analysis in microfluidic devices},
  author={Khandurina, Julia and McKnight, Timothy E and Jacobson, Stephen C and Waters, Larry C and Foote, Robert S and Ramsey, J Michael},
  journal={Analytical Chemistry},
  volume={72},
  number={13},
  pages={2995--3000},
  year={2000},
  publisher={ACS Publications}
}

@article{rf:Hopwood10,
  title={Integrated microfluidic system for rapid forensic DNA analysis: sample collection to DNA profile},
  author={Hopwood, AJ and Hurth, C and Yang, J and Cai, Z and Moran, N and Lee-Edghill, JG and Nordquist, A and Lenigk, R and Estes, MD and Haley, JP and others},
  journal={Analytical chemistry},
  volume={82},
  number={16},
  pages={6991--6999},
  year={2010},
  publisher={ACS Publications}
}

@article{rf:Chin12,
  title={Commercialization of microfluidic point-of-care diagnostic devices},
  author={Chin, CD and Linder, V and Sia, SK},
  journal={Lab on a Chip},
  volume={12},
  number={12},
  pages={2118--2134},
  year={2012},
  publisher={Royal Society of Chemistry}
}

@article{rf:Meinhart00,
  title={The flow structure inside a microfabricated inkjet printhead},
  author={Meinhart, CD and Zhang, H},
  journal={Journal of microelectromechanical systems},
  volume={9},
  number={1},
  pages={67--75},
  year={2000},
  publisher={IEEE}
}

@article{rf:Pawell13,
  title={Manufacturing and wetting low-cost microfluidic cell separation devices},
  author={Pawell, RS and Inglis, DW and Barber, TJ and Taylor, RA},
  journal={Biomicrofluidics},
  volume={7},
  number={5},
  pages={056501},
  year={2013},
  publisher={AIP}
}

@article{rf:Selli07,
  title={A photocatalytic water splitting device for separate hydrogen and oxygen evolution},
  author={Selli, E and Chiarello, GL and Quartarone, E and Mustarelli, P and Rossetti, I and Forni, L},
  journal={Chemical communications},
  number={47},
  pages={5022--5024},
  year={2007},
  publisher={Royal Society of Chemistry}
}

@article{rf:Walter10,
  title={Solar water splitting cells},
  author={Walter, MG and Warren, EL and McKone, JR and Boettcher, SW and Mi, Q and Santori, EA and Lewis, NS},
  journal={Chemical reviews},
  volume={110},
  number={11},
  pages={6446--6473},
  year={2010},
  publisher={ACS Publications}
}

@article{rf:Muhich16,
  title={A review and perspective of efficient hydrogen generation via solar thermal water splitting},
  author={Muhich, CL and Ehrhart, BD and Al-Shankiti, I and Ward, BJ and Musgrave, CB and Weimer, AW},
  journal={Wiley Interdisciplinary Reviews: Energy and Environment},
  volume={5},
  number={3},
  pages={261--287},
  year={2016},
  publisher={Wiley Online Library}
}

@article{rf:Ditzig07,
  title={Production of hydrogen from domestic wastewater using a bioelectrochemically assisted microbial reactor (BEAMR)},
  author={Ditzig, J and Liu, H and Logan, BE},
  journal={International Journal of Hydrogen Energy},
  volume={32},
  number={13},
  pages={2296--2304},
  year={2007},
  publisher={Elsevier}
}

@article{rf:Logan08,
  title={Microbial electrolysis cells for high yield hydrogen gas production from organic matter},
  author={Logan, BE and Call, D and Cheng, S and Hamelers, HVM and Sleutels, THJA and Jeremiasse, AW and Rozendal, RA},
  journal={Environmental science \& technology},
  volume={42},
  number={23},
  pages={8630--8640},
  year={2008},
  publisher={ACS Publications}
}

@article{rf:Logan10,
  title={Scaling up microbial fuel cells and other bioelectrochemical systems},
  author={Logan, BE},
  journal={Applied microbiology and biotechnology},
  volume={85},
  number={6},
  pages={1665--1671},
  year={2010},
  publisher={Springer}
}

@article{rf:Feng15,
  title={Micropropulsion by an acoustic bubble for navigating microfluidic spaces},
  author={Feng, J and Yuan, J and Cho, SK},
  journal={Lab on a Chip},
  volume={15},
  number={6},
  pages={1554--1562},
  year={2015},
  publisher={Royal Society of Chemistry}
}

@article{rf:Chiu17,
  title={Small but perfectly formed? Successes, challenges, and opportunities for microfluidics in the chemical and biological sciences},
  author={Chiu, DT and Di Carlo, D and Doyle, PS and Hansen, C and Maceiczyk, RM and Wootton, RCR and others},
  journal={Chem},
  volume={2},
  number={2},
  pages={201--223},
  year={2017},
  publisher={Elsevier}
}

@article{rf:Wang13AIChe,
  title={Microdroplet coalescences at microchannel junctions with different collision angles},
  author={Wang, K and Lu, Y and Yang, L and Luo, G},
  journal={AIChE Journal},
  volume={59},
  number={2},
  pages={643--649},
  year={2013},
  publisher={Wiley Online Library}
}
%%GPU part
@article{rf:Wittmann13,
  title={Comparison of different propagation steps for lattice {Boltzmann} methods},
  author={Wittmann, M and Zeiser, T and Hager, G and Wellein, G},
  journal={Computers \& Mathematics with Applications},
  volume={65},
  number={6},
  pages={924--935},
  year={2013},
  publisher={Elsevier}
}
@inproceedings{rf:Herschlag18,
  title={{GPU} data access on complex geometries for {D3Q19} lattice {Boltzmann} method},
  author={Herschlag, Gregory and Lee, Seyong and Vetter, Jeffrey S and Randles, Amanda},
  booktitle={2018 IEEE International Parallel and Distributed Processing Symposium (IPDPS)},
  pages={825--834},
  year={2018},
  organization={IEEE}
}
@article{rf:Calore19,
  title={Optimization of lattice {Boltzmann} simulations on heterogeneous computers},
  author={Calore, E and Gabbana, A and Schifano, SF and Tripiccione, R},
  journal={The International Journal of High Performance Computing Applications},
  volume={33},
  number={1},
  pages={124--139},
  year={2019},
  publisher={SAGE Publications Sage UK: London, England}
}

@misc{rf:Nvidia15,
  author = {{NVIDIA Corporation}},
  title = {{CUDA Toolkit Documentation}},
  year={2015},
  howpublished = {\url{http://docs.nvidia.com/cuda/index.html}},
  note = {Accessed: September 2015}
}


@article{rf:Tran17,
  title={Performance optimization of {3D} lattice {Boltzmann} flow solver on a {GPU}},
  author={Tran, NP and Lee, M and Hong, S},
  journal={Scientific Programming},
  volume={2017},
  year={2017},
  publisher={Hindawi}
}

@article{rf:Januszewski14,
title={Sailfish: A flexible multi-{GPU} implementation of the lattice {Boltzmann} method}, 
author={Januszewski, M and Kostur, M},
journal={Computer Physics Communications}, 
volume={185}, 
number={9}, 
pages={2350--2368}, 
year={2014},
publisher={Elsevier} } 

@article{rf:Huang18,
  title={Simulation of droplet dynamic with high density ratio two-phase lattice {Boltzmann} model on multi-{GPU} cluster},
  author={Huang, TC and Chang, CY and Lin, CA},
  journal={Computers \& Fluids},
  volume={173},
  pages={80--87},
  year={2018},
  publisher={Elsevier}
}
@article{rf:Zhang18,
  title={Three-Dimensional Numerical Simulation of Droplet Evaporation Using the Lattice {Boltzmann} Method Based on {GPU}-{CUDA} Accelerated Algorithm},
  author={Zhang, Q and Zhu, C and Zhu, M},
  journal={COMMUNICATIONS IN COMPUTATIONAL PHYSICS},
  volume={23},
  number={4},
  pages={1150--1166},
  year={2018},
  publisher={GLOBAL SCIENCE PRESS ROOM 3208, CENTRAL PLAZA, 18 HARBOUR RD, WANCHAI, HONG}
}
@article{rf:Fakhar17,
  title={Improved locality of the phase-field lattice-{Boltzmann} model for immiscible fluids at high density ratios},
  author={Fakhari, A and Mitchell, T and Leonardi, C and Bolster, D},
  journal={Physical Review E},
  volume={96},
  number={5},
  pages={053301},
  year={2017},
  publisher={APS}
}
@article{rf:Li13,
  title={{GPU}-based numerical simulation of multi-phase flow in porous media using multiple-relaxation-time lattice {Boltzmann} method},
  author={Li, X and Zhang, Y and Wang, X and Ge, W},
  journal={Chemical Engineering Science},
  volume={102},
  pages={209--219},
  year={2013},
  publisher={Elsevier}
}
@article{rf:Cheng18,  
title={Application of lattice {Boltzmann} methods for the multiphase fluid pipe flow on graphical processing unit},  
author={Cheng, P and Gui, N and Yang, X and Tu, J and Jiang, S},  journal={The Journal of Computational Multiphase Flows},  
volume={10},  
number={3},  
pages={109--118},  
year={2018},  
publisher={SAGE Publications Sage UK: London, England}}

@article{rf:Navarro18,
  title={Physically based visual simulation of the Lattice {Boltzmann} method on the {GPU}: a survey},
  author={Navarro-Hinojosa, O and Ruiz-Loza, S and Alencastre-Miranda, M},
  journal={The Journal of Supercomputing},
  volume={74},
  pages={3441--3467},
  year={2018},
  publisher={Springer}
}

@inproceedings{rf:Blair15,
  title={Accelerating an MPI lattice {Boltzmann} code using OpenACC},
  author={Blair, S and Albing, C and Grund, A and Jocksch, A},
  booktitle={Proceedings of the second workshop on accelerator programming using directives},
  pages={3},
  year={2015},
  organization={ACM}
}

@article{rf:Obrecht13,
  title={{Multi-{GPU} implementation of the lattice {Boltzmann} method}},
  author={Obrecht, C and Kuznik, F and Tourancheau, B and Roux, JJ},
  journal={Computers \& Mathematics with Applications},
  volume={65},
  number={2},
  pages={252--261},
  year={2013},
  publisher={Elsevier}
}

@article{rf:Zigon18,
  title={Interactive {3D} simulation for fluid--structure interactions using dual coupled {GPUs}},
  author={Zigon, B and Zhu, L and Song, F},
  journal={The Journal of Supercomputing},
  volume={74},
  number={1},
  pages={37--64},
  year={2018},
  publisher={Springer}
}

@misc{rf:Henning06,
  title={SPEC CPU2006 Benchmark descriptions. ACM SIGARCH Comput Archit News 34 (4): 1--17},
  author={Henning, JL},
  year={2006}
}
